<record><leader>00000cas a22000007a 4500</leader><controlfield tag="001">27716337</controlfield><controlfield tag="008">930311d18781878moudr ne      0    0eng d</controlfield><datafield ind1=" " ind2=" " tag="010"><subfield code="a">sn 93059952 </subfield></datafield><datafield ind1=" " ind2=" " tag="040"><subfield code="a">MQN</subfield><subfield code="b">eng</subfield><subfield code="c">MQN</subfield><subfield code="d">NVF</subfield><subfield code="d">OCLCQ</subfield><subfield code="d">OCLCF</subfield><subfield code="d">OCLCO</subfield></datafield><datafield ind1=" " ind2=" " tag="042"><subfield code="a">msc</subfield></datafield><datafield ind1=" " ind2=" " tag="043"><subfield code="a">n-us-mo</subfield></datafield><datafield ind1="0" ind2=" " tag="130"><subfield code="a">St. Louis daily times (Saint Louis, Mo. : 1878)</subfield></datafield><datafield ind1="1" ind2="4" tag="245"><subfield code="a">The St. Louis daily times.</subfield></datafield><datafield ind1="3" ind2="0" tag="246"><subfield code="a">Saint Louis daily times</subfield></datafield><datafield ind1=" " ind2=" " tag="260"><subfield code="a">St. Louis [Mo.] :</subfield><subfield code="b">St. Louis Times Co.,</subfield><subfield code="c">1878.</subfield></datafield><datafield ind1=" " ind2=" " tag="300"><subfield code="a">v.</subfield></datafield><datafield ind1=" " ind2=" " tag="310"><subfield code="a">Daily</subfield></datafield><datafield ind1="0" ind2=" " tag="362"><subfield code="a">Jan. 5-Nov. 15, 1878.</subfield></datafield><datafield ind1=" " ind2=" " tag="515"><subfield code="a">Issues for Jan. 5-Nov. 15, 1878 also called v. 12.</subfield></datafield><datafield ind1=" " ind2="0" tag="651"><subfield code="a">Saint Louis (Mo.)</subfield><subfield code="v">Newspapers.</subfield></datafield><datafield ind1=" " ind2="7" tag="655"><subfield code="a">Newspapers.</subfield><subfield code="2">fast</subfield><subfield code="0">(OCoLC)fst01423814</subfield></datafield><datafield ind1=" " ind2="7" tag="651"><subfield code="a">Missouri</subfield><subfield code="z">Saint Louis.</subfield><subfield code="2">fast</subfield><subfield code="0">(OCoLC)fst01204930</subfield></datafield><datafield ind1=" " ind2=" " tag="752"><subfield code="a">United States</subfield><subfield code="b">Missouri</subfield><subfield code="d">Saint Louis.</subfield></datafield><datafield ind1="0" ind2=" " tag="775"><subfield code="t">St. Louis weekly times (Saint Louis, Mo. : 1866)</subfield><subfield code="w">(DLC)sn 89067655</subfield></datafield><datafield ind1="0" ind2="0" tag="780"><subfield code="t">St. Louis times (Saint Louis, Mo. : 1877)</subfield><subfield code="w">(DLC)sn 93059951</subfield></datafield><datafield ind1="0" ind2="7" tag="785"><subfield code="t">St. Louis daily journal</subfield><subfield code="w">(DLC)sn 84020192</subfield></datafield><datafield ind1="0" ind2="7" tag="785"><subfield code="t">St. Louis times-journal</subfield><subfield code="w">(DLC)sn 85034249</subfield></datafield></record>